% This file was created with Citavi 6.12.0.0

@article{Tritek.12132021,
 abstract = {Die Unterschiede zwischen 21700er und 18650er Batterie; {\"A}hnlichkeiten; Anwendungen von 21700 und 18650; welche batterie h{\"a}lt l{\"a}nger und mehr.},
 author = {Tritek},
 year = {12/13/2021},
 title = {21700 vs 18650 Akku, Kampf auf LEV},
 url = {https://tritekbattery.com/de/21700-or-18650-battle-of-batteries-on-lev/},
 urldate = {27.01.2024},
 journal = {ebike battery manufacturer},
 file = {Tritek 12 13 2021 - 21700 vs 18650 Akku:Attachments/Tritek 12 13 2021 - 21700 vs 18650 Akku.pdf:application/pdf}
}


